% Reference

@article{green1998imaging,
  title={Imaging spectroscopy and the airborne visible/infrared imaging spectrometer (AVIRIS)},
  author={Green, Robert O and Eastwood, Michael L and Sarture, Charles M and Chrien, Thomas G and Aronsson, Mikael and Chippendale, Bruce J and Faust, Jessica A and Pavri, Betina E and Chovit, Christopher J and Solis, Manuel and others},
  journal={Remote sensing of environment},
  volume={65},
  number={3},
  pages={227--248},
  year={1998},
  publisher={Elsevier}
}

@article{chi2016big,
  title={Big data for remote sensing: Challenges and opportunities},
  author={Chi, Mingmin and Plaza, Antonio and Benediktsson, Jon Atli and Sun, Zhongyi and Shen, Jinsheng and Zhu, Yangyong},
  journal={Proceedings of the IEEE},
  volume={104},
  number={11},
  pages={2207--2219},
  year={2016},
  publisher={IEEE}
}

@book{wang2019cloud,
  title={Cloud computing in remote sensing},
  author={Wang, Lizhe and Yan, Jining and Ma, Yan},
  year={2019},
  publisher={CRC Press}
}

@article{zhang2019remotely,
  title={Remotely sensed big data: Evolution in model development for information extraction [point of view]},
  author={Zhang, Bing and Chen, Zhengchao and Peng, Dailiang and Benediktsson, Jon Atli and Liu, Bo and Zou, Lei and Li, Jun and Plaza, Antonio},
  journal={Proceedings of the IEEE},
  volume={107},
  number={12},
  pages={2294--2301},
  year={2019},
  publisher={IEEE}
}

@article{li2017spatial,
  title={Spatial technology and social media in remote sensing: A survey},
  author={Li, Jun and Benediktsson, Jon Atli and Zhang, Bing and Yang, Tao and Plaza, Antonio},
  journal={Proceedings of the IEEE},
  volume={105},
  number={10},
  pages={1855--1864},
  year={2017},
  publisher={IEEE}
}

@article{马纪涛2023端到端分布式联合优化的空谱自编码密度估计模型,
  title={端到端分布式联合优化的空谱自编码密度估计模型},
  author={马纪涛 and 谢卫莹 and 雷杰 and 方乐缘 and 李云松},
  journal={电子学报},
  volume={51},
  number={4},
  pages={1006},
  year={2023}
}

@article{plaza2011parallel,
  title={Parallel hyperspectral image and signal processing [applications corner]},
  author={Plaza, Antonio and Plaza, Javier and Paz, Abel and Sanchez, Sergio},
  journal={IEEE Signal Processing Magazine},
  volume={28},
  number={3},
  pages={119--126},
  year={2011},
  publisher={IEEE}
}

@article{dean2008mapreduce,
  title={MapReduce: simplified data processing on large clusters},
  author={Dean, Jeffrey and Ghemawat, Sanjay},
  journal={Communications of the ACM},
  volume={51},
  number={1},
  pages={107--113},
  year={2008},
  publisher={ACM New York, NY, USA}
}

@article{sergeev2018horovod,
  title={Horovod: fast and easy distributed deep learning in TensorFlow},
  author={Sergeev, Alexander and Del Balso, Mike},
  journal={arXiv preprint arXiv:1802.05799},
  year={2018}
}

@article{ball2017comprehensive,
  title={Comprehensive survey of deep learning in remote sensing: theories, tools, and challenges for the community},
  author={Ball, John E and Anderson, Derek T and Chan, Chee Seng},
  journal={Journal of applied remote sensing},
  volume={11},
  number={4},
  pages={042609--042609},
  year={2017},
  publisher={Society of Photo-Optical Instrumentation Engineers}
}

@article{kuching2007performance,
  title={The performance of maximum likelihood, spectral angle mapper, neural network and decision tree classifiers in hyperspectral image analysis},
  author={Kuching, Sarawak},
  journal={Journal of Computer Science},
  volume={3},
  number={6},
  pages={419--423},
  year={2007}
}

@article{plaza2005dimensionality,
  title={Dimensionality reduction and classification of hyperspectral image data using sequences of extended morphological transformations},
  author={Plaza, Antonio and Mart{\'\i}nez, Pablo and Plaza, Javier and P{\'e}rez, Rosa},
  journal={IEEE Transactions on Geoscience and remote sensing},
  volume={43},
  number={3},
  pages={466--479},
  year={2005},
  publisher={IEEE}
}

@article{tuia2015foreword,
  title={Foreword to the special issue on hyperspectral image and signal processing},
  author={Tuia, Devis and Lopez, Sebastian and Schaepman, Michael and Chanussot, Jocelyn},
  journal={IEEE Journal of Selected Topics in Applied Earth Observations and Remote Sensing},
  volume={8},
  number={6},
  pages={2337--2340},
  year={2015},
  publisher={IEEE}
}

@article{nasrabadi2013hyperspectral,
  title={Hyperspectral target detection: An overview of current and future challenges},
  author={Nasrabadi, Nasser M},
  journal={IEEE Signal Processing Magazine},
  volume={31},
  number={1},
  pages={34--44},
  year={2013},
  publisher={IEEE}
}

@article{zhu2019binary,
  title={Binary-class collaborative representation for target detection in hyperspectral images},
  author={Zhu, Dehui and Du, Bo and Zhang, Liangpei},
  journal={IEEE Geoscience and Remote Sensing Letters},
  volume={16},
  number={7},
  pages={1100--1104},
  year={2019},
  publisher={IEEE}
}

@article{goetz1985imaging,
  title={Imaging spectrometry for earth remote sensing},
  author={Goetz, Alexander FH and Vane, Gregg and Solomon, Jerry E and Rock, Barrett N},
  journal={science},
  volume={228},
  number={4704},
  pages={1147--1153},
  year={1985},
  publisher={American Association for the Advancement of Science}
}

@inproceedings{teke2013short,
  title={A short survey of hyperspectral remote sensing applications in agriculture},
  author={Teke, Mustafa and Deveci, H{\"u}sne Seda and Halilo{\u{g}}lu, Onur and G{\"u}rb{\"u}z, Sevgi Z{\"u}beyde and Sakarya, Ufuk},
  booktitle={2013 6th International Conference on Recent Advances in Space Technologies (RAST)},
  pages={171--176},
  year={2013},
  organization={IEEE}
}

@article{alistarh2017qsgd,
  title={QSGD: Communication-efficient SGD via gradient quantization and encoding},
  author={Alistarh, Dan and Grubic, Demjan and Li, Jerry and Tomioka, Ryota and Vojnovic, Milan},
  journal={Advances in neural information processing systems},
  volume={30},
  year={2017}
}

@article{lin2017deep,
  title={Deep gradient compression: Reducing the communication bandwidth for distributed training},
  author={Lin, Yujun and Han, Song and Mao, Huizi and Wang, Yu and Dally, William J},
  journal={arXiv preprint arXiv:1712.01887},
  year={2017}
}

@inproceedings{seide20141,
  title={1-bit stochastic gradient descent and its application to data-parallel distributed training of speech dnns},
  author={Seide, Frank and Fu, Hao and Droppo, Jasha and Li, Gang and Yu, Dong},
  booktitle={Fifteenth annual conference of the international speech communication association},
  year={2014}
}

% BUG 作者显示有问题
@book{chang2003hyperspectral,
  title={Hyperspectral imaging: techniques for spectral detection and classification},
  author={Chang, Chein-I},
  volume={1},
  year={2003},
  publisher={Springer Science \& Business Media}
}

@book{b_分布式2018,
  title={分布式机器学习:算法、理论与实践},
  author={刘铁岩 and 陈薇 and 王太锋},
  year={2018},
  publisher={北京: 机械工业出版社}
}

@article{wangni2018gradient,
  title={Gradient sparsification for communication-efficient distributed optimization},
  author={Wangni, Jianqiao and Wang, Jialei and Liu, Ji and Zhang, Tong},
  journal={Advances in Neural Information Processing Systems},
  volume={31},
  year={2018}
}

@article{wang2018atomo,
  title={Atomo: Communication-efficient learning via atomic sparsification},
  author={Wang, Hongyi and Sievert, Scott and Liu, Shengchao and Charles, Zachary and Papailiopoulos, Dimitris and Wright, Stephen},
  journal={Advances in neural information processing systems},
  volume={31},
  year={2018}
}

@article{strom2015scalable,
  title={Scalable distributed DNN training using commodity GPU cloud computing},
  author={Str{\"o}m, Nikko},
  year={2015}
}

@article{stich2018sparsified,
  title={Sparsified SGD with memory},
  author={Stich, Sebastian U and Cordonnier, Jean-Baptiste and Jaggi, Martin},
  journal={Advances in Neural Information Processing Systems},
  volume={31},
  year={2018}
}

% BUG 作者显示有问题
@article{aji2017sparse,
  title={Sparse communication for distributed gradient descent},
  author={Aji, Alham Fikri and Heafield, Kenneth},
  journal={arXiv preprint arXiv:1704.05021},
  year={2017}
}

@inproceedings{karimireddy2019error,
  title={Error feedback fixes signsgd and other gradient compression schemes},
  author={Karimireddy, Sai Praneeth and Rebjock, Quentin and Stich, Sebastian and Jaggi, Martin},
  booktitle={International Conference on Machine Learning},
  pages={3252--3261},
  year={2019},
  organization={PMLR}
}

@article{wen2017terngrad,
  title={Terngrad: Ternary gradients to reduce communication in distributed deep learning},
  author={Wen, Wei and Xu, Cong and Yan, Feng and Wu, Chunpeng and Wang, Yandan and Chen, Yiran and Li, Hai},
  journal={Advances in neural information processing systems},
  volume={30},
  year={2017}
}

@inproceedings{bernstein2018signsgd,
  title={signSGD: Compressed optimisation for non-convex problems},
  author={Bernstein, Jeremy and Wang, Yu-Xiang and Azizzadenesheli, Kamyar and Anandkumar, Animashree},
  booktitle={International Conference on Machine Learning},
  pages={560--569},
  year={2018},
  organization={PMLR}
}

@article{chen2018lag,
  title={LAG: Lazily aggregated gradient for communication-efficient distributed learning},
  author={Chen, Tianyi and Giannakis, Georgios and Sun, Tao and Yin, Wotao},
  journal={Advances in neural information processing systems},
  volume={31},
  year={2018}
}

@inproceedings{mcmahan2017communication,
  title={Communication-efficient learning of deep networks from decentralized data},
  author={McMahan, Brendan and Moore, Eider and Ramage, Daniel and Hampson, Seth and y Arcas, Blaise Aguera},
  booktitle={Artificial intelligence and statistics},
  pages={1273--1282},
  year={2017},
  organization={PMLR}
}

@inproceedings{mcdonald2010distributed,
  title={Distributed training strategies for the structured perceptron},
  author={McDonald, Ryan and Hall, Keith and Mann, Gideon},
  booktitle={Human language technologies: The 2010 annual conference of the North American chapter of the association for computational linguistics},
  pages={456--464},
  year={2010}
}

@article{povey2014parallel,
  title={Parallel training of deep neural networks with natural gradient and parameter averaging},
  author={Povey, Daniel and Zhang, Xiaohui and Khudanpur, Sanjeev},
  journal={arXiv preprint arXiv:1410.7455},
  pages={124},
  year={2014},
  publisher={Citeseer}
}

@article{zhang2015deep,
  title={Deep learning with elastic averaging SGD},
  author={Zhang, Sixin and Choromanska, Anna E and LeCun, Yann},
  journal={Advances in neural information processing systems},
  volume={28},
  year={2015}
}

@article{zare2017discriminative,
  title={Discriminative multiple instance hyperspectral target characterization},
  author={Zare, Alina and Jiao, Changzhe and Glenn, Taylor},
  journal={IEEE transactions on pattern analysis and machine intelligence},
  volume={40},
  number={10},
  pages={2342--2354},
  year={2017},
  publisher={IEEE}
}

@inproceedings{jiang2021lren,
  title={LREN: Low-rank embedded network for sample-free hyperspectral anomaly detection},
  author={Jiang, Kai and Xie, Weiying and Lei, Jie and Jiang, Tao and Li, Yunsong},
  booktitle={Proceedings of the AAAI Conference on Artificial Intelligence},
  volume={35},
  number={5},
  pages={4139--4146},
  year={2021}
}

@article{xie2021weakly,
  title={Weakly supervised low-rank representation for hyperspectral anomaly detection},
  author={Xie, Weiying and Zhang, Xin and Li, Yunsong and Lei, Jie and Li, Jiaojiao and Du, Qian},
  journal={IEEE Transactions on Cybernetics},
  volume={51},
  number={8},
  pages={3889--3900},
  year={2021},
  publisher={IEEE}
}

@article{zinkevich2010parallelized,
  title={Parallelized stochastic gradient descent},
  author={Zinkevich, Martin and Weimer, Markus and Li, Lihong and Smola, Alex},
  journal={Advances in neural information processing systems},
  volume={23},
  year={2010}
}

@inproceedings{xing2015petuum,
  title={Petuum: A new platform for distributed machine learning on big data},
  author={Xing, Eric P and Ho, Qirong and Dai, Wei and Kim, Jin-Kyu and Wei, Jinliang and Lee, Seunghak and Zheng, Xun and Xie, Pengtao and Kumar, Abhimanu and Yu, Yaoliang},
  booktitle={Proceedings of the 21th ACM SIGKDD International Conference on Knowledge Discovery and Data Mining},
  pages={1335--1344},
  year={2015}
}

@inproceedings{chilimbi2014project,
  title={Project adam: Building an efficient and scalable deep learning training system},
  author={Chilimbi, Trishul and Suzue, Yutaka and Apacible, Johnson and Kalyanaraman, Karthik},
  booktitle={11th USENIX symposium on operating systems design and implementation (OSDI 14)},
  pages={571--582},
  year={2014}
}

@article{moritz2015sparknet,
  title={Sparknet: Training deep networks in spark},
  author={Moritz, Philipp and Nishihara, Robert and Stoica, Ion and Jordan, Michael I},
  journal={arXiv preprint arXiv:1511.06051},
  year={2015}
}

@article{luo2021novel,
  title={A novel adaptive gradient compression scheme: Reducing the communication overhead for distributed deep learning in the Internet of Things},
  author={Luo, Peng and Yu, F Richard and Chen, Jianyong and Li, Jianqiang and Leung, Victor CM},
  journal={IEEE Internet of Things Journal},
  volume={8},
  number={14},
  pages={11476--11486},
  year={2021},
  publisher={IEEE}
}

@inproceedings{cui2020clustergrad,
  title={ClusterGrad: Adaptive gradient compression by clustering in federated learning},
  author={Cui, Laizhong and Su, Xiaoxin and Zhou, Yipeng and Zhang, Lei},
  booktitle={GLOBECOM 2020-2020 IEEE Global Communications Conference},
  pages={1--7},
  year={2020},
  organization={IEEE}
}

@book{chen1985optimize,
  author         = {陈开周.},
  publisher      = {西北电讯工程学院出版社},
  title          = {最优化计算方法},
  year           = {1985}
}

@article{JFYZ202101008, 
  author = {朱泓睿 and 元国军 and 姚成吉 and 谭光明 and 王展 and 户忠哲 and 张晓扬 and 安学军.}, 
  title = {分布式深度学习训练网络综述}, 
  journal = {计算机研究与发展}, 
  volume = {58}, 
  number = {98-115}, 
  year = {2021}, 
  issn = {1000-1239}
}

@inproceedings{abadi2016tensorflow,
  title={$\{$TensorFlow$\}$: a system for $\{$Large-Scale$\}$ machine learning},
  author={Abadi, Mart{\'\i}n and Barham, Paul and Chen, Jianmin and Chen, Zhifeng and Davis, Andy and Dean, Jeffrey and Devin, Matthieu and Ghemawat, Sanjay and Irving, Geoffrey and Isard, Michael and others},
  booktitle={12th USENIX symposium on operating systems design and implementation (OSDI 16)},
  pages={265--283},
  year={2016}
}

@article{ketkar2021introduction,
  title={Introduction to pytorch},
  author={Ketkar, Nikhil and Moolayil, Jojo and Ketkar, Nikhil and Moolayil, Jojo},
  journal={Deep Learning with Python: Learn Best Practices of Deep Learning Models with PyTorch},
  pages={27--91},
  year={2021},
  publisher={Springer}
}

@inproceedings{jia2014caffe,
  title={Caffe: Convolutional architecture for fast feature embedding},
  author={Jia, Yangqing and Shelhamer, Evan and Donahue, Jeff and Karayev, Sergey and Long, Jonathan and Girshick, Ross and Guadarrama, Sergio and Darrell, Trevor},
  booktitle={Proceedings of the 22nd ACM international conference on Multimedia},
  pages={675--678},
  year={2014}
}

% BUG 作者显示有问题
@book{gulli2017deep,
  title={Deep learning with Keras},
  author={Gulli, Antonio and Pal, Sujit},
  year={2017},
  publisher={Packt Publishing Ltd}
}

@inproceedings{seide2016cntk,
  title={CNTK: Microsoft's open-source deep-learning toolkit},
  author={Seide, Frank and Agarwal, Amit},
  booktitle={Proceedings of the 22nd ACM SIGKDD international conference on knowledge discovery and data mining},
  pages={2135--2135},
  year={2016}
}

@article{li2020pytorch,
  title={Pytorch distributed: Experiences on accelerating data parallel training},
  author={Li, Shen and Zhao, Yanli and Varma, Rohan and Salpekar, Omkar and Noordhuis, Pieter and Li, Teng and Paszke, Adam and Smith, Jeff and Vaughan, Brian and Damania, Pritam and others},
  journal={arXiv preprint arXiv:2006.15704},
  year={2020}
}

@article{shoeybi2019megatron,
  title={Megatron-lm: Training multi-billion parameter language models using model parallelism},
  author={Shoeybi, Mohammad and Patwary, Mostofa and Puri, Raul and LeGresley, Patrick and Casper, Jared and Catanzaro, Bryan},
  journal={arXiv preprint arXiv:1909.08053},
  year={2019}
}

@article{huang2019gpipe,
  title={Gpipe: Efficient training of giant neural networks using pipeline parallelism},
  author={Huang, Yanping and Cheng, Youlong and Bapna, Ankur and Firat, Orhan and Chen, Dehao and Chen, Mia and Lee, HyoukJoong and Ngiam, Jiquan and Le, Quoc V and Wu, Yonghui and others},
  journal={Advances in neural information processing systems},
  volume={32},
  year={2019}
}

@article{harlap2018pipedream,
  title={Pipedream: Fast and efficient pipeline parallel dnn training},
  author={Harlap, Aaron and Narayanan, Deepak and Phanishayee, Amar and Seshadri, Vivek and Devanur, Nikhil and Ganger, Greg and Gibbons, Phil},
  journal={arXiv preprint arXiv:1806.03377},
  year={2018}
}

@inproceedings{fan2021dapple,
  title={DAPPLE: A pipelined data parallel approach for training large models},
  author={Fan, Shiqing and Rong, Yi and Meng, Chen and Cao, Zongyan and Wang, Siyu and Zheng, Zhen and Wu, Chuan and Long, Guoping and Yang, Jun and Xia, Lixue and others},
  booktitle={Proceedings of the 26th ACM SIGPLAN Symposium on Principles and Practice of Parallel Programming},
  pages={431--445},
  year={2021}
}

@article{gholami2021ai,
  title={Ai and memory wall},
  author={Gholami, Amir and Yao, Zhewei and Kim, Sehoon and Mahoney, Michael W and Keutzer, Kurt},
  journal={RiseLab Medium Post},
  volume={1},
  pages={6},
  year={2021}
}

@article{tang2020communication,
  title={Communication-efficient distributed deep learning: A comprehensive survey},
  author={Tang, Zhenheng and Shi, Shaohuai and Chu, Xiaowen and Wang, Wei and Li, Bo},
  journal={arXiv preprint arXiv:2003.06307},
  year={2020}
}

@inproceedings{li2014scaling,
  title={Scaling distributed machine learning with the parameter server},
  author={Li, Mu and Andersen, David G and Park, Jun Woo and Smola, Alexander J and Ahmed, Amr and Josifovski, Vanja and Long, James and Shekita, Eugene J and Su, Bor-Yiing},
  booktitle={11th USENIX Symposium on operating systems design and implementation (OSDI 14)},
  pages={583--598},
  year={2014}
}

@inproceedings{chen2020elastic,
  title={Elastic parameter server load distribution in deep learning clusters},
  author={Chen, Yangrui and Peng, Yanghua and Bao, Yixin and Wu, Chuan and Zhu, Yibo and Guo, Chuanxiong},
  booktitle={Proceedings of the 11th ACM Symposium on Cloud Computing},
  pages={507--521},
  year={2020}
}

% BUG 作者显示有问题
@article{patarasuk2009bandwidth,
  title={Bandwidth optimal all-reduce algorithms for clusters of workstations},
  author={Patarasuk, Pitch and Yuan, Xin},
  journal={Journal of Parallel and Distributed Computing},
  volume={69},
  number={2},
  pages={117--124},
  year={2009},
  publisher={Elsevier}
}

@article{chen2015mxnet,
  title={Mxnet: A flexible and efficient machine learning library for heterogeneous distributed systems},
  author={Chen, Tianqi and Li, Mu and Li, Yutian and Lin, Min and Wang, Naiyan and Wang, Minjie and Xiao, Tianjun and Xu, Bing and Zhang, Chiyuan and Zhang, Zheng},
  journal={arXiv preprint arXiv:1512.01274},
  year={2015}
}

@article{paszke2019pytorch,
  title={Pytorch: An imperative style, high-performance deep learning library},
  author={Paszke, Adam and Gross, Sam and Massa, Francisco and Lerer, Adam and Bradbury, James and Chanan, Gregory and Killeen, Trevor and Lin, Zeming and Gimelshein, Natalia and Antiga, Luca and others},
  journal={Advances in neural information processing systems},
  volume={32},
  year={2019}
}

@inproceedings{anthony2020efficient,
  title={Efficient training of semantic image segmentation on summit using horovod and mvapich2-gdr},
  author={Anthony, Quentin and Awan, Ammar Ahmad and Jain, Arpan and Subramoni, Hari and Panda, Dhabaleswar K DK},
  booktitle={2020 IEEE International Parallel and Distributed Processing Symposium Workshops (IPDPSW)},
  pages={1015--1023},
  year={2020},
  organization={IEEE}
}

@inproceedings{jain2019scaling,
  title={Scaling tensorflow, pytorch, and mxnet using mvapich2 for high-performance deep learning on frontera},
  author={Jain, Arpan and Awan, Ammar Ahmad and Subramoni, Hari and Panda, Dhabaleswar K},
  booktitle={2019 IEEE/ACM Third Workshop on Deep Learning on Supercomputers (DLS)},
  pages={76--83},
  year={2019},
  organization={IEEE}
}

@inproceedings{awan2019scalable,
  title={Scalable distributed dnn training using tensorflow and cuda-aware mpi: Characterization, designs, and performance evaluation},
  author={Awan, Ammar Ahmad and B{\'e}dorf, Jereon and Chu, Ching-Hsiang and Subramoni, Hari and Panda, Dhabaleswar K},
  booktitle={2019 19th IEEE/ACM International Symposium on Cluster, Cloud and Grid Computing (CCGRID)},
  pages={498--507},
  year={2019},
  organization={IEEE}
}

@article{awan2019optimized,
  title={Optimized large-message broadcast for deep learning workloads: MPI, MPI+ NCCL, or NCCL2?.},
  author={Awan, Ammar Ahmad and Manian, Karthik Vadambacheri and Chu, Ching-Hsiang and Subramoni, Hari and Panda, Dhabaleswar K},
  journal={Parallel Computing},
  volume={85},
  pages={141--152},
  year={2019},
  publisher={Elsevier}
}

@article{makhzani2015adversarial,
  title={Adversarial autoencoders},
  author={Makhzani, Alireza and Shlens, Jonathon and Jaitly, Navdeep and Goodfellow, Ian and Frey, Brendan},
  journal={arXiv preprint arXiv:1511.05644},
  year={2015}
}

@article{rangnekar2020aerorit,
  title={Aerorit: A new scene for hyperspectral image analysis},
  author={Rangnekar, Aneesh and Mokashi, Nilay and Ientilucci, Emmett J and Kanan, Christopher and Hoffman, Matthew J},
  journal={IEEE Transactions on Geoscience and Remote Sensing},
  volume={58},
  number={11},
  pages={8116--8124},
  year={2020},
  publisher={IEEE}
}

@article{yi2020aerial,
  title={Aerial hyperspectral remote sensing classification dataset of Xiongan New Area (Matiwan Village)},
  author={Yi, CEN and ZHANG, Lifu and ZHANG, Xia and Yueming, WANG and Wenchao, QI and Senlin, TANG and ZHANG, Peng},
  journal={National Remote Sensing Bulletin},
  volume={24},
  number={11},
  pages={1299--1306},
  year={2020},
  publisher={中国地理学会环境遥感分会 中国科学院遥感与数字地球研究所}
}

@article{swets2000better,
  title={Better decisions through science},
  author={Swets, John A and Dawes, Robyn M and Monahan, John},
  journal={Scientific American},
  volume={283},
  number={4},
  pages={82--87},
  year={2000},
  publisher={JSTOR}
}

@article{bradley1997use,
  title={The use of the area under the ROC curve in the evaluation of machine learning algorithms},
  author={Bradley, Andrew P},
  journal={Pattern Recognition},
  volume={30},
  number={7},
  pages={1145--1159},
  year={1997},
  publisher={Elsevier}
}

@inproceedings{fletcher2008robust,
  title={Robust statistics on Riemannian manifolds via the geometric median},
  author={Fletcher, P Thomas and Venkatasubramanian, Suresh and Joshi, Sarang},
  booktitle={2008 IEEE Conference on Computer Vision and Pattern Recognition},
  pages={1--8},
  year={2008},
  organization={IEEE}
}

@inproceedings{chen2018adacomp,
  title={Adacomp: Adaptive residual gradient compression for data-parallel distributed training},
  author={Chen, Chia-Yu and Choi, Jungwook and Brand, Daniel and Agrawal, Ankur and Zhang, Wei and Gopalakrishnan, Kailash},
  booktitle={Proceedings of the AAAI conference on artificial intelligence},
  volume={32},
  number={1},
  year={2018}
}

@article{qian1999momentum,
  title={On the momentum term in gradient descent learning algorithms},
  author={Qian, Ning},
  journal={Neural networks},
  volume={12},
  number={1},
  pages={145--151},
  year={1999},
  publisher={Elsevier}
}

@article{goyal2017accurate,
  title={Accurate, large minibatch sgd: Training imagenet in 1 hour},
  author={Goyal, Priya and Doll{\'a}r, Piotr and Girshick, Ross and Noordhuis, Pieter and Wesolowski, Lukasz and Kyrola, Aapo and Tulloch, Andrew and Jia, Yangqing and He, Kaiming},
  journal={arXiv preprint arXiv:1706.02677},
  year={2017}
}

@inproceedings{song2020large,
  title={Large-scale training system for 100-million classification at alibaba},
  author={Song, Liuyihan and Pan, Pan and Zhao, Kang and Yang, Hao and Chen, Yiming and Zhang, Yingya and Xu, Yinghui and Jin, Rong},
  booktitle={Proceedings of the 26th ACM SIGKDD International Conference on Knowledge Discovery \& Data Mining},
  pages={2909--2930},
  year={2020}
}

@article{simonyan2014very,
  title={Very deep convolutional networks for large-scale image recognition},
  author={Simonyan, Karen and Zisserman, Andrew},
  journal={arXiv preprint arXiv:1409.1556},
  year={2014}
}

@inproceedings{szegedy2015going,
  title={Going deeper with convolutions},
  author={Szegedy, Christian and Liu, Wei and Jia, Yangqing and Sermanet, Pierre and Reed, Scott and Anguelov, Dragomir and Erhan, Dumitru and Vanhoucke, Vincent and Rabinovich, Andrew},
  booktitle={Proceedings of the IEEE conference on computer vision and pattern recognition},
  pages={1--9},
  year={2015}
}

@inproceedings{he2016deep,
  title={Deep residual learning for image recognition},
  author={He, Kaiming and Zhang, Xiangyu and Ren, Shaoqing and Sun, Jian},
  booktitle={Proceedings of the IEEE conference on computer vision and pattern recognition},
  pages={770--778},
  year={2016}
}

@article{vaswani2017attention,
  title={Attention is all you need},
  author={Vaswani, Ashish and Shazeer, Noam and Parmar, Niki and Uszkoreit, Jakob and Jones, Llion and Gomez, Aidan N and Kaiser, {\L}ukasz and Polosukhin, Illia},
  journal={Advances in neural information processing systems},
  volume={30},
  year={2017}
}

@inproceedings{xie2020self,
  title={Self-training with noisy student improves imagenet classification},
  author={Xie, Qizhe and Luong, Minh-Thang and Hovy, Eduard and Le, Quoc V},
  booktitle={Proceedings of the IEEE/CVF conference on computer vision and pattern recognition},
  pages={10687--10698},
  year={2020}
}

@inproceedings{liu2016ssd,
  title={Ssd: Single shot multibox detector},
  author={Liu, Wei and Anguelov, Dragomir and Erhan, Dumitru and Szegedy, Christian and Reed, Scott and Fu, Cheng-Yang and Berg, Alexander C},
  booktitle={Computer Vision--ECCV 2016: 14th European Conference, Amsterdam, The Netherlands, October 11--14, 2016, Proceedings, Part I 14},
  pages={21--37},
  year={2016},
  organization={Springer}
}

@article{lin2018don,
  title={Don't use large mini-batches, use local SGD},
  author={Lin, Tao and Stich, Sebastian U and Patel, Kumar Kshitij and Jaggi, Martin},
  journal={arXiv preprint arXiv:1808.07217},
  year={2018}
}

@inproceedings{lin2017feature,
  title={Feature pyramid networks for object detection},
  author={Lin, Tsung-Yi and Doll{\'a}r, Piotr and Girshick, Ross and He, Kaiming and Hariharan, Bharath and Belongie, Serge},
  booktitle={Proceedings of the IEEE conference on computer vision and pattern recognition},
  pages={2117--2125},
  year={2017}
}

@inproceedings{zhang2016deep,
  title={Deep bimodal regression for apparent personality analysis},
  author={Zhang, Chen-Lin and Zhang, Hao and Wei, Xiu-Shen and Wu, Jianxin},
  booktitle={European conference on computer vision},
  pages={311--324},
  year={2016},
  organization={Springer}
}

@article{lee2009unsupervised,
  title={Unsupervised feature learning for audio classification using convolutional deep belief networks},
  author={Lee, Honglak and Pham, Peter and Largman, Yan and Ng, Andrew},
  journal={Advances in neural information processing systems},
  volume={22},
  year={2009}
}

@inproceedings{brattoli2020rethinking,
  title={Rethinking zero-shot video classification: End-to-end training for realistic applications},
  author={Brattoli, Biagio and Tighe, Joseph and Zhdanov, Fedor and Perona, Pietro and Chalupka, Krzysztof},
  booktitle={Proceedings of the IEEE/CVF Conference on Computer Vision and Pattern Recognition},
  pages={4613--4623},
  year={2020}
}

@inproceedings{xie2018rethinking,
  title={Rethinking spatiotemporal feature learning: Speed-accuracy trade-offs in video classification},
  author={Xie, Saining and Sun, Chen and Huang, Jonathan and Tu, Zhuowen and Murphy, Kevin},
  booktitle={Proceedings of the European conference on computer vision (ECCV)},
  pages={305--321},
  year={2018}
}

@inproceedings{yuan2020central,
  title={Central similarity quantization for efficient image and video retrieval},
  author={Yuan, Li and Wang, Tao and Zhang, Xiaopeng and Tay, Francis EH and Jie, Zequn and Liu, Wei and Feng, Jiashi},
  booktitle={Proceedings of the IEEE/CVF conference on computer vision and pattern recognition},
  pages={3083--3092},
  year={2020}
}

@article{krizhevsky2012imagenet,
  title={Imagenet classification with deep convolutional neural networks},
  author={Krizhevsky, Alex and Sutskever, Ilya and Hinton, Geoffrey E},
  journal={Advances in neural information processing systems},
  volume={25},
  year={2012}
}

@inproceedings{song2021communication,
  title={Communication efficient SGD via gradient sampling with Bayes prior},
  author={Song, Liuyihan and Zhao, Kang and Pan, Pan and Liu, Yu and Zhang, Yingya and Xu, Yinghui and Jin, Rong},
  booktitle={Proceedings of the IEEE/CVF Conference on Computer Vision and Pattern Recognition},
  pages={12065--12074},
  year={2021}
}

@article{ghosh2021communication,
  title={Communication-efficient and byzantine-robust distributed learning with error feedback},
  author={Ghosh, Avishek and Maity, Raj Kumar and Kadhe, Swanand and Mazumdar, Arya and Ramchandran, Kannan},
  journal={IEEE Journal on Selected Areas in Information Theory},
  volume={2},
  number={3},
  pages={942--953},
  year={2021},
  publisher={IEEE}
}

@inproceedings{zhang2020communication,
  title={Communication-efficient network-distributed optimization with differential-coded compressors},
  author={Zhang, Xin and Liu, Jia and Zhu, Zhengyuan and Bentley, Elizabeth S},
  booktitle={IEEE INFOCOM 2020-IEEE Conference on Computer Communications},
  pages={317--326},
  year={2020},
  organization={IEEE}
}

@article{khirirat2020compressed,
  title={Compressed gradient methods with hessian-aided error compensation},
  author={Khirirat, Sarit and Magn{\'u}sson, Sindri and Johansson, Mikael},
  journal={IEEE Transactions on Signal Processing},
  volume={69},
  pages={998--1011},
  year={2020},
  publisher={IEEE}
}
